-- Les commentaires ne sont pas entre %% --

@article{Holmes2007,
title = "Vascular endothelial growth factor receptor-2: Structure, function, intracellular signalling and therapeutic inhibition ",
journal = "Cellular Signalling ",
volume = "19",
number = "10",
pages = "2003 - 2012",
year = "2007",
note = "",
issn = "0898-6568",
doi = "http://dx.doi.org/10.1016/j.cellsig.2007.05.013",
url = "http://www.sciencedirect.com/science/article/pii/S0898656807001532",
author = "Holmes, K. and  Roberts, O. Ll. and  Thomas, A. M. and  Cross, M.J.",
keywords = "\{VEGF\}",
keywords = "VEGFR-2",
keywords = "Angiogenesis",
keywords = "Endothelial",
keywords = "Inhibitors",
keywords = "Signal transduction "
}



@article{Andersson2006,
title = "Gastrointestinal Stromal Tumors With KIT Exon 11 Deletions Are Associated With Poor Prognosis",
journal = "Gastroenterology",
volume = "130",
issue = "6",
pages = "1573 - 1581",
year = "2006",
author = "Andersson, J. and Bumming, P. and Meis-Kindblom, J.M. and Sihto, H. and Nupponen, N. and Joensuu, H. and Oden, A. and
Gustavsson, B. and Kindblom, L.G. and Nilsson, B.",
keywords = "\{VEGF\}",
keywords = "VEGFR-2",
keywords = "Angiogenesis",
keywords = "Endothelial",
keywords = "Inhibitors",
keywords = "Signal transduction "
}



@article{Liu1994,
  title={Weighted essentially non-oscillatory schemes.},
  author={Liu, X.D. and Osher, S. and Chan T.},
  journal={Journal of Computational Physics},
  volume={115},
  number={1},
  pages={200--212},
  year={1994}
}



@article{Billy2009545,
title = "A pharmacologically based multiscale mathematical model of angiogenesis and its use in investigating the efficacy of a new cancer treatment strategy ",
journal = "Journal of Theoretical Biology ",
volume = "260",
number = "4",
pages = "545 - 562",
year = "2009",
note = "",
issn = "0022-5193",
doi = "http://dx.doi.org/10.1016/j.jtbi.2009.06.026",
url = "http://www.sciencedirect.com/science/article/pii/S0022519309003026",
author = {Billy, F. and Ribba, B. and Saut, O. and Morre-Trouilhet, H. and Colin,T. and Bresch, D. and Boissel, J.-P. and Grenier, E. and Flandrois, J.-P.},
keywords = "Multiscale mathematical modeling",
keywords = "Angiogenesis",
keywords = "Tumor growth",
keywords = "Cell cycle",
keywords = "Pharmacological law",
keywords = "Optimization of cancer treatments "
}

@article{suzuki2008,
  title={Radiologic Measurements of Tumor Response to Treatment: Practical Approaches and Limitations 1},
  author={Suzuki, C. and Jacobsson, H. and Hatschek, T. and Torkzad, M. R. and Bod{\'e}n, K. and Eriksson-Alm, Y. and Berg, E. and Fujii, H. and Kubo, A. and Blomqvist, L.},
  journal={Radiographics},
  volume={28},
  number={2},
  pages={329--344},
  year={2008},
  publisher={Radiological Society of North America}
}

@article{schramm2013,
  title={Tumor response and clinical outcome in metastatic gastrointestinal stromal tumors under sunitinib therapy: comparison of RECIST, Choi and volumetric criteria},
  author={Schramm, N. and Englhart, E. and Schlemmer, M. and Hittinger, M. and {\"U}bleis, C. and Becker, C.R. and Reiser, M.F. and Berger, F.},
  journal={European journal of radiology},
  volume={82},
  number={6},
  pages={951--958},
  year={2013},
  publisher={Elsevier}
}

@article{Fathallah2013,
title = "A Multilayer Grow-or-Go Model for {GBM}: Effects of
Invasive Cells and Anti-Angiogenesis on Growth",
journal = "Bulletin of Math. Biol.",
year = 2014,
volume =76,
issue =9,
pages ="2306--2333",
author = "Saut, O. and Lagaert, J-B. and Colin, T. and Fathallah-Shaykh, H."
}

@article{Bresch2010,
author = {Bresch, D. and Colin, T. and Grenier, E. and Ribba, B. and Saut, O.},
title = {Computational Modeling of Solid Tumor Growth: The Avascular Stage},
journal = {SIAM Journal on Scientific Computing},
volume = {32},
number = {4},
pages = {2321-2344},
year = {2010},
doi = {10.1137/070708895},

URL = {http://epubs.siam.org/doi/abs/10.1137/070708895},
eprint = {http://epubs.siam.org/doi/pdf/10.1137/070708895}
}

@article{Bresch2009,
hal_id = {inria-00267292},
url = {http://hal.inria.fr/inria-00267292},
doi = {10.3934/proc.2009.2009.101 },
journal = {Discrete And Continuous Dynamical Systems},
title = {{A viscoelastic model for avascular tumor growth}},
author = {Bresch, D. and Colin, T. and Grenier, E. and Ribba, B. and Saut, O.},
abstract = {{In this article, we present a continuous model for tumor growth . This model describes the evolution of three cellular densities: the density of sane tissue, cancer cells and extracellular medium. In order to render correctly the cellular division, this model use a discrete description of the cell cycle (the set of steps a cell has to undergo in order to divide) presented in [7]. To render cellular adhesion and the mechanics which may influence the growth, we use a viscoelastic approach. This model extends the one presented in [7] with a more realistic description of the movement.}},
language = {English},
affiliation = {Laboratoire de Math{\'e}matiques - LAMA , Institut de Math{\'e}matiques de Bordeaux - IMB , MC2 - INRIA Bordeaux - Sud-Ouest , Unit{\'e} de Math{\'e}matiques Pures et Appliqu{\'e}es - UMPA-ENSL , Ciblage th{\'e}rapeutique en Oncologie - EA3738 , Service de Pharmacologie Clinique - SPC},
volume = {Volume 2009},
pages = {101-108},
year = {2009},
publisher = {aimSciences},
pdf = {http://hal.inria.fr/inria-00267292/PDF/paper.pdf},
}

@article{Iollo2012,
author = {Colin, T. and Iollo, A. and Lombardi, D. and Saut, O.},
title = {SYSTEM IDENTIFICATION IN TUMOR GROWTH MODELING USING SEMI-EMPIRICAL EIGENFUNCTIONS},
journal = {Mathematical Models and Methods in Applied Sciences},
volume = {22},
number = {06},
pages = {1250003},
year = {2012},
doi = {10.1142/S0218202512500030},
URL = {http://www.worldscientific.com/doi/abs/10.1142/S0218202512500030},
eprint = {http://www.worldscientific.com/doi/pdf/10.1142/S0218202512500030}
}

@article{Cassier2010,
author = {Cassier, P.A. and Blay, J.Y.},
title = {Imatinib mesylate for the treatment of gastrointestinal stromal tumor},
journal = {Expert review of anticancer therapy},
volume = {10},
number = {5},
pages = {623-34},
year = {2010},
month = {May},
doi = {10.1586/era.10.33},
URL = {http://www.ncbi.nlm.nih.gov/pubmed/20469993}
}

@article{Corless2005,
author = {Corless, C.L. and Schroeder, A. and Griffith, D. and Town, A. and  McGreevey, L. and Harrell, P. and Shiraga, S. and Bainbridge, T. and Morich, J. and Heinrich, M.C.},
title = {PDGFRA mutations in gastrointestinal stromal tumors: frequency, spectrum and in vitro sensitivity to imatinib},
journal = {Journal of clinical oncology: official journal of the American Society of Clinical Oncology},
volume = {23},
number = {23},
pages = {5357-64},
year = {2005},
month = {Aug},
URL = {http://www.ncbi.nlm.nih.gov/pubmed/15928335}
}

@article{Nilsson2005,
author = {Nilsson, B. and Bumming, P. and Meis-Kindblom, J.M. and Oden,  A. and Dortok, A. and Gustavsson, B. and Sablinska, K. and Kindblom, L.G.},
title = {Gastrointestinal stromal tumors: the incidence, prevalence, clinical course, and prognostication in the preimatinib mesylate era--a population-based study in western Sweden},
journal = {Cancer},
volume = {103},
number = {4},
pages = {821-9},
year = {2005},
month = {Feb},
URL = {http://www.ncbi.nlm.nih.gov/pubmed/15648083}
}

@article{Benesch2009,
author = {Benesch, M. and Wardelmann, E. and Ferrari, A. and Brennan, B. and Verschuur, A.},
title = {Gastrointestinal stromal tumors ({GIST}) in children and adolescents: A comprehensive review of the current literature},
journal = {Pediatr Blood Cancer},
volume = {53},
number = {7},
pages = {1171-9},
year = {2009},
month = {Dec},
doi = {10.1002/pbc.22123},
URL = {http://www.ncbi.nlm.nih.gov/pubmed/19499582}
}

@article{Blay2012,
author = {Blay, J.Y. and Le Cesne, A. and Cassier, P.A. and Ray-Coquard, I.L.},
title = {Gastrointestinal stromal tumors ({GIST}): a rare entity, a tumor model for personalized therapy, and yet ten different molecular subtypes},
journal = {Discov Med},
volume = {13},
number = {72},
pages = {357-67},
year = {2012},
month = {May},
URL = {http://www.ncbi.nlm.nih.gov/pubmed/22642917}
}

@article{Blay2011,
title = {A decade of tyrosine kinase inhibitor therapy: Historical and current perspectives on targeted therapy for {GIST}},
journal = "Cancer Treatment Reviews ",
volume = "37",
number = "5",
pages = "373 - 384",
year = "2011",
note = "",
issn = "0305-7372",
doi = "http://dx.doi.org/10.1016/j.ctrv.2010.11.003",
url = "http://www.sciencedirect.com/science/article/pii/S0305737210001933",
author = "Blay, J.Y.",
keywords = "Gastrointestinal stromal tumor",
keywords = "Imatinib",
keywords = "Sunitinib",
keywords = "Tyrosine kinase inhibitor",
keywords = {GIST}
}

@article{Hirota1998,
author = {Hirota, S. and Isozaki, K. and Moriyama, Y. and Hashimoto, K. and Nishida, T. and Ishiguro, S. and Kawano, K. and Hanada, M. and Kurata, A. and Muhammad Tunio, G. and Matsuzawa, Y. and Kanakura Y. and Shinomura, Y. and Kitamura, Y.},
title = {Gain-of-function mutations of c-kit in human gastrointestinal stromal tumors},
journal = {Science},
volume = {279},
number = {5350},
pages = {577-80},
year = {1998},
month = {Jan},
URL = {http://www.ncbi.nlm.nih.gov/pubmed/9438854}
}

@article{Heinrich2008,
author = {Heinrich, S. and Pestalozzi, B.C. and Schafer, M. and Weber, A. and  Bauerfeind, P. and Knuth, A. and Clavien, P.A.},
title = {Prospective phase II trial of neoadjuvant chemotherapy with gemcitabine and cisplatin for resectable adenocarcinoma of the pancreatic head},
journal = {Journal of clinical oncology: official journal of the American Society of Clinical Oncology},
volume = {26},
number = {15},
pages = {2526-31},
year = {2008},
month = {May},
doi = {10.1200/JCO.2007.15.5556},
URL = {http://www.ncbi.nlm.nih.gov/pubmed/18487569}
}

@article{Ribba2006532,
title = "A multiscale mathematical model of avascular tumor growth to investigate the therapeutic benefit of anti-invasive agents ",
journal = "Journal of Theoretical Biology ",
volume = "243",
number = "4",
pages = "532 - 541",
year = "2006",
note = "",
issn = "0022-5193",
doi = "http://dx.doi.org/10.1016/j.jtbi.2006.07.013",
url = "http://www.sciencedirect.com/science/article/pii/S0022519306003043",
author = "Ribba, B. and Saut, O. and Colin, T. and Bresch, D. and Grenier, E. and Boissel, J.P.",
keywords = "Multiscale modeling",
keywords = "Metalloproteinase inhibitors",
keywords = "Cytostatic agents",
keywords = "Therapeutic development "
}

@article{ambrosi2002,
author = {Ambrosi, D. and Preziosi, L.},
title = {ON THE CLOSURE OF MASS BALANCE MODELS FOR TUMOR GROWTH},
journal = {Mathematical Models and Methods in Applied Sciences},
volume = {12},
number = {05},
pages = {737-754},
year = {2002},
doi = {10.1142/S0218202502001878},
URL = {http://www.worldscientific.com/doi/abs/10.1142/S0218202502001878},
eprint = {http://www.worldscientific.com/doi/pdf/10.1142/S0218202502001878}
}

@article{byrne2003,
  title={Modelling solid tumour growth using the theory of mixtures},
  author={Byrne, Helen and Preziosi, Luigi},
  journal={Mathematical Medicine and Biology},
  volume={20},
  number={4},
  pages={341--366},
  year={2003}
}


@article{Gerlee2013,
title = "The model muddle: in search of tumor growth laws.",
journal = "Cancer research",
volume = "73",
number = "8",
pages = "2407-11",
year = "2013",
doi = "10.1158/0008-5472.CAN-12-4355",
url = "http://www.ncbi.nlm.nih.gov/pubmed/23393201",
author = "Gerlee, P."
}

@article{Alarcon2003,
title = "A cellular automaton model for tumour growth in inhomogeneous environment ",
journal = "Journal of Theoretical Biology ",
volume = "225",
number = "2",
pages = "257 - 274",
year = "2003",
note = "",
issn = "0022-5193",
doi = "http://dx.doi.org/10.1016/S0022-5193(03)00244-3",
url = "http://www.sciencedirect.com/science/article/pii/S0022519303002443",
author = "Alarcón, T. and  Byrne, H.M. and  Maini, P.K.",
keywords = "Tumour growth",
keywords = "Blood flow",
keywords = "Heterogeneity",
keywords = "Cellular automaton "
}

@article{Drasdo2003,
title = "Individual-based approaches to birth and death in avascular tumors ",
journal = "Mathematical and Computer Modelling ",
volume = "37",
number = "11",
pages = "1163 - 1175",
year = "2003",
note = "Modeling and Simulation of Tumor Development, Treatment, and Control ",
issn = "0895-7177",
doi = "http://dx.doi.org/10.1016/S0895-7177(03)00128-6",
url = "http://www.sciencedirect.com/science/article/pii/S0895717703001286",
author = "Drasdo, D. and {H\"ohme}, S.",
keywords = "Tumor spheroids",
keywords = "Avascu1ar growth",
keywords = "Individual-based modelling",
keywords = "Off-lattice approach",
keywords = "Quantitative comparison "
}

@article{Swanson,
year={2009},
issn={0303-6812},
journal={Journal of Mathematical Biology},
volume={58},
number={4-5},
doi={10.1007/s00285-008-0219-6},
title={A mathematical model for brain tumor response to radiation therapy},
url={http://dx.doi.org/10.1007/s00285-008-0219-6},
publisher={Springer-Verlag},
keywords={Modeling; Radiation therapy; Glioma; Linear-quadratic; Tumor response; Treatment fractionation; 92B05},
author={Rockne, R. and Alvord, E.C., Jr. and Rockhill, J.K. and Swanson, K.R.},
pages={561-578},
language={English}
}

@article{MANSURY2002,
title = "Emerging Patterns in Tumor Systems: Simulating the Dynamics of Multicellular Clusters with an Agent-based Spatial Agglomeration Model ",
journal = "Journal of Theoretical Biology ",
volume = "219",
number = "3",
pages = "343 - 370",
year = "2002",
note = "",
issn = "0022-5193",
doi = "http://dx.doi.org/10.1006/jtbi.2002.3131",
url = "http://www.sciencedirect.com/science/article/pii/S0022519302931310",
author = "Mansury, Y. and Kimura, M. and Lobo, J. and Deisboeck, T.S."
}

@article{dematteo2000,
title={Two hundred gastrointestinal stromal tumors: recurrence patterns and prognostic factors for survival},
author={DeMatteo, Ronald P and Lewis, Jonathan J and Leung, Denis and Mudan, Satvinder S and Woodruff, James M and Brennan, Murray F},
journal={Annals of surgery},
volume={231},
number={1},
pages={51},
year={2000},
publisher={Lippincott and  Williams and Wilkins},
url={http://www.ncbi.nlm.nih.gov/pmc/articles/PMC1420965/}
}

@article{perthame2013,
author = {Lorz, A. and Lorenzi,T. and Hochberg ,M.E. and Clairambault, J. and Perthame,B.},
title = {Populational adaptive evolution, chemotherapeutic resistance and multiple anti-cancer therapies},
journal = {ESAIM: Mathematical Modelling and Numerical Analysis},
volume = {47},
issue = {02},
month = {3},
year = {2013},
issn = {1290-3841},
pages = {377--399},
numpages = {23},
doi = {10.1051/m2an/2012031},
URL = {http://www.esaim-m2an.org/article_S0764583X12000313},
}

@article{lorz2013,
  title={Effects of space structure and combination therapies on phenotypic heterogeneity and drug resistance in solid tumors},
  author={Lorz, A. and Lorenzi, T. and Clairambault, J. and Escargueil, A. and Perthame, B.},
  journal={arXiv preprint arXiv:1312.6237},
  year={2013}
}

@article{benzekry2014,
  title={Classical Mathematical Models for Description and Prediction of Experimental Tumor Growth},
  author={Benzekry, S. and Lamont, C. and Beheshti, A. and Tracz, A. and Ebos, J.M.L. and Hlatky, L. and Hahnfeldt, P.},
  journal={arXiv preprint arXiv:1406.1446},
  year={2014}
}

@article{jouganous2014,
title={Patient Specific Image Driven Evaluation of the Aggressiveness of Metastases to the Lung},
author={Colin,T. and Cornelis,F. and Jouganous,J. and Martin,M. and Saut,O.},
journal={Submitted to Int. Conference on Medical Image Computing and Computer Assisted Intervention},
year={2014}
}

@techreport{gallinato2014,
    hal_id = {hal-00962163},
    url = {http://hal.inria.fr/hal-00962163},
    title = {{Tumor growth model for ductal carcinoma: from in situ phase to stroma invasion}},
    author = {Colin, T. and Gallinato, O. and Poignard, C. and Saut, O.},
    keywords = {tumor growth model ; nonlinear advection equations ; Kedem-Katchalsky conditions ; breast cancer ; metalloproteinases},
    language = {Anglais},
    affiliation = {MC2 - INRIA Bordeaux - Sud-Ouest},
    pages = {31},
    type = {Submitted Report},
    institution = {INRIA},
    number = {RR-8502},
    year = {2014},
    month = Mar,
    pdf = {http://hal.inria.fr/hal-00962163/PDF/RR-8502.pdf},
}

@online{webangiogenese,
author = {Glioblastome Association Michèle Esnault (GFME)},
note ={\url{http://gfme.free.fr/connaissances/angiogenese.html}},
title = {L'angiogenèse des tumeurs cérébrales malignes},
urldate = {20/07/2015}
}